@article{Example,
    author  = "John Doe",
    title   = "The Title",
    year    = "2015",
    journal = "Journal Name",
    volume  = "99",
    number  = "2",
    pages   = "100-150"
}

@book{Blue_ocean_strategy,
    author  = "Chan Kim, Renne Mauborgne",
    title   = "Blue Ocean Strategy",
    publisher = "Harvard Business Review",
    year    = "2005",   
    edition = "2",
}

@book{Software_entrepreneurship,
    author  = "Jeremy Rose",
    title   = "Software Entrepreneurship",
    publisher = "Software Innovation",
    year    = "2012",   
    edition = "1",
}